<?xml version="1.0" encoding="UTF-8"?><collection xmlns="http://www.loc.gov/MARC21/slim"><record><leader>00519nam--2200181-i-4500</leader><controlfield tag="001">000048699</controlfield><controlfield tag="002">20161230</controlfield><controlfield tag="005">20161230201047</controlfield><controlfield tag="008">060222s1000------------r-----000-0-fre-d</controlfield><datafield ind1=" " ind2=" " tag="040"><subfield code="a">IFIN-HH</subfield></datafield><datafield ind1=" " ind2=" " tag="041"><subfield code="a">fre</subfield></datafield><datafield ind1=" " ind2=" " tag="080"><subfield code="a">539.1.073.5</subfield></datafield><datafield ind1="1" ind2=" " tag="100"><subfield code="a">Gouanere, Michel</subfield></datafield><datafield ind1="1" ind2="0" tag="245"><subfield code="a">Chambres a etincelles circulaires a localisation electrique en basses energies</subfield><subfield code="b">These</subfield><subfield code="c">Michel gouanere</subfield></datafield><datafield ind1=" " ind2=" " tag="260"><subfield code="a">Lyon</subfield><subfield code="b">Universite De Lyon</subfield><subfield code="c">1965</subfield></datafield><datafield ind1=" " ind2=" " tag="300"><subfield code="a">55P</subfield></datafield><datafield ind1=" " ind2=" " tag="852"><subfield code="a">22011</subfield><subfield code="c">539.1.07:539.1.08</subfield></datafield><datafield ind1=" " ind2=" " tag="CAT"><subfield code="a">Sys</subfield><subfield code="c">20111019</subfield><subfield code="h">095157</subfield></datafield></record></collection>